
@misc{elastizitaetsmodul,
  title = {chemie.de Elastizitätsmodul},
  howpublished = {\url{https://www.chemie.de/lexikon/Elastizit%C3%A4tsmodul.html}},
  note = {Accessed: 2022-03-31}
}

@misc{ABW,
  author       = {Technische Universität München},
  title        = {{Hinweise zur Beurteilung von Messungen,
Messergebnissen und Messunsicherheiten (ABW)}},
howpublished = {\url{https://www.ph.tum.de/academics/org/labs/ap/org/ABW.pdf}},
month        = {März},
  year         = {2021}
}

@misc{ZUS,
  author       = {{Technische Universität München}},
  title        = {{Aufgabenstellung Zustandsgleichung reeller Gase (ZUS)}},
  year         = {2021},
  howpublished = {\url{https://www.ph.tum.de/academics/org/labs/ap/ap1/ZUS.pdf}},
  month			= {Februar}
}
@article{glit,
  author          = {Roman Schwartz, Andreas Lindau},
  institution     = {Physikalisch-Technische Bundesanstalt, Braunschweig},
  title           = {Das europäische Gravitationszonenkonzept nach WELMEC für eichpflichtige Waagen},
  howpublished = {\url{https://www.ptb.de/cms/fileadmin/internet/fachabteilungen/abteilung_1/1.1_masse/1.15/gravzonen.pdf}},
  volume          = {},
  year            = {}
}

@misc{modell,
  author       = {{Technische Universität München}},
  howpublished = {{Moodle Kurs}},
  title        = {{Hinweise zur Modellbildung}},
  year         = {2021},
  month        = {Juni},
}

@manual{SH6,
  author       = {{Deutsche Gesetzliche Unfallversicherung}},
  title        = {{GESTIS SToffdatenbank, Eintrag Schwefelhexaflourid}},
  howpublished = {\url{https://gestis.dguv.de/data?name=005220}},
}

@manual{THEO2,
  author       = {Messner Industriegase GmbH},
  title        = {Schwefelhexafluorid Datemblatt},
}

@book{THEO,
  author         = {W. M. Haynes},
  editor         = {},
  publisher      = {CRC Press},
  title          = {Handbook of Chemistry and Physics},
  year           = {2015}
}

@misc{lin,
  title = {Molybdän Datenblatt},
  howpublished = {\url{https://xdb.lbl.gov/Section1/Periodic_Table/Mo_Web_data.htm}}
}
@misc{plank,
  title = {Planksches Wirkungsquantum},
  howpublished = {\url{https://www.spektrum.de/lexikon/physik/plancksches-wirkungsquantum/11310}}
}
@misc{refdat,
  title = {{Refractive Index Database}},
  howpublished = {\url{ https://refractiveindex.info/?shelf=other&book=pmma_resists&page=Microchem495}}
}
@misc{intauf,
  title = {{Aufgabenstellung Interferometer}},
  howpublished = {\url{https://www.ph.tum.de/academics/org/labs/ap/ap3/INT.pdf}}
}
@misc{theoluft,
  author       = {{Refractive Index Database}},
  howpublished = {\url{https://refractiveindex.info/?shelf=other&book=air&page=Ciddor}},
  title        = {{Optical constants of Air}},
  year         = {1996}
}