@misc{blei,
  author       = {NIST},
  howpublished = {\url{https://physics.nist.gov/cgi-bin/XrayTrans/search.pl?element=Pb&trans=All&lower=&upper=&units=eV}},
  title        = {Lead},
  year         = {}
}
@article{analysis_of_uranium_and_thorium_lines, title = {ANALYSIS OF URANIUM AND THORIUM LINES IN MARS ODYSSEY GAMMA SPECTRA AND IMPLICATIONS FOR THE SURFACE COMPOSITION}, author = {Maurice, S. and Prettyman, T. H. and Gasnault, O. and Feldman, W. C. and Elphic, R. C. and Lawrence, D. J. and Binder, A. B.}, year = {2012}, howpublished = {\url{https://www.lpi.usra.edu/meetings/lpsc2012/pdf/2852.pdf} }}

@misc{status_of_the_calibration, title = {STATUS OF THE CALIBRATION}, author = {Santorelli, R.}, year = {2009}, howpublished = {\url{https://www.mpi-hd.mpg.de/gerda/padova09/padova09_slides/090310_tg12_santorelli.pdf} }}

@article{the_th-232_decay_chain, title = {The Th-232 decay chain}, author = {Kouzes, R.T. and Siciliano, E.R. and Ely, J.H. and Seifert, A. and Williams, R.M. and Lintereur, A.T. and Norman, E.B. and Smith, A.R. and Fuller, E.S.}, year = {2018}, journal = {Applied Radiation and Isotopes}, volume = {139}, pages = {244-255}, howpublished = {\url{https://www.researchgate.net/figure/The-Th-232-decay-chain-Two-thorium-containing-samples-are-also-shown-one-is-a-rock_fig13_244395084} }}

@misc{gamma-ray_spectrometer, title = {Gamma-ray spectrometer}, howpublished = {\url{https://en.wikipedia.org/wiki/Gamma-ray_spectrometer} }}

@misc{thorium_gamma_spectrometry, title = {Thorium Gamma Spectrometry}, year = {2016}, howpublished = {\url{https://physicsopenlab.org/2016/01/31/thorium-gamma-spectrometry/} }}

@misc{radionuclide_basics_thorium, title = {Radionuclide Basics: Thorium}, organization = {{US EPA}}, howpublished = {\url{https://www.epa.gov/radiation/radionuclide-basics-thorium} }}

@misc{kgs_geological_log_analysis_the_gamma_ray_log, title = {{KGS}–Geological Log Analysis–The Gamma Ray Log}, organization = {{Kansas Geological Survey}}, howpublished = {\url{https://www.kgs.ku.edu/Publications/Bulletins/LA/03_gamma.html} }}

@misc{cosmic_radiation,title = {Cosmic Radiation},organization={center for diseasecontrol and prevention}, howpublished = {\url{https://www.cdc.gov/nceh/radiation/cosmic.html#:~:text=The%20average%20annual%20dose%20or,from%20three%20chest%20x%2Drays}}}

@misc{RAD,
  author       = {TUM},
  howpublished = {\url{https://www.ph.tum.de/academics/org/labs/ap/ap3/RAD.pdf}},
  title        = {{Anleitung RAD}},

@misc{OPA,
  author       = {TUM},
  howpublished = {\url{https://www.ph.tum.de/academics/org/labs/ap/ap3/OPA.pdf}},
  title        = {{Anleitung OPA}},

  year         = {}
}

@misc{ABW,
  author       = {Technische Universität München},
  title        = {{Hinweise zur Beurteilung von Messungen,
Messergebnissen und Messunsicherheiten (ABW)}},
howpublished = {\url{https://www.ph.tum.de/academics/org/labs/ap/org/ABW.pdf}},
month        = {März},
  year         = {2021}
}

@misc{projektionsapparat,
  author       = {WWSS1derivative work: Bene* CC BY-SA 3.0},
  title        = {{ Kondensor eines Diaprojektors}},
  howpublished = {\url{https://commons.wikimedia.org/wiki/File:Condensor-1-de.svg}},
  year         = {2012}
}